
@book{conzen1960,
  title     = {Alnwick, {{Northumberland}}: A Study in Town-Plan Analysis},
  author    = {Conzen, MRG},
  year      = {1960},
  month     = jan,
  publisher = {{George Philip \& Son}},
  address   = {{London}}
}



@article{oliveira2020,
  title    = {The Concept of the Morphological Region: Developments and Prospects},
  author   = {Oliveira, V{\'i}tor and Yaygin, Muzaffer Ali},
  year     = {2020},
  volume   = {24},
  pages    = {18},
  journal  = {Urban Morphology},
  language = {en},
  number   = {1}
}



@book{caniggia2001,
  title     = {Architectural Composition and Building Typology: Interpreting Basic Building},
  author    = {Caniggia, Gianfranco and Maffei, Gian Luigi},
  year      = {2001},
  volume    = {176},
  publisher = {{Alinea Editrice}},
  address   = {{Firenze}}
}



@book{hillier1996,
  title     = {Space Is the Machine : A Configurational Theory of Architecture},
  author    = {Hillier, Bill},
  year      = {1996},
  month     = jan,
  publisher = {{Cambridge University Press}},
  address   = {{Cambridge}}
}



@misc{spacesyntaxlimited2018,
  title  = {Space {{Syntax OpenMapping}}},
  author = {{Space Syntax Limited}},
  year   = {2018}
}



@incollection{porta2010,
  title     = {Networks in {{Urban Design}}. {{Six Years}} of {{Research}} in {{Multiple Centrality Assessment}}},
  booktitle = {Network {{Science}}},
  author    = {Porta, Sergio and Latora, Vito and Strano, Emanuele},
  year      = {2010},
  month     = jan,
  pages     = {107--129},
  publisher = {{Springer London}},
  address   = {{London}},
  isbn      = {978-1-84996-395-4}
}



@article{gil2012,
  title   = {On the {{Discovery}} of {{Urban Typologies}}: {{Data Mining}} the {{Multi}}-Dimensional {{Character}} of {{Neighbourhoods}}},
  author  = {Gil, Jorge and Montenegro, Nuno and Beir{\~a}o, J N and Duarte, J P},
  year    = {2012},
  month   = jan,
  volume  = {16},
  pages   = {27--40},
  journal = {Urban Morphology},
  number  = {1}
}



@incollection{hamaina2012a,
  title     = {Towards {{Urban Fabrics Characterization Based}} on {{Buildings Footprints}}},
  booktitle = {Bridging the {{Geographic Information Sciences}}},
  author    = {Hamaina, Rachid and Leduc, Thomas and Moreau, Guillaume},
  year      = {2012},
  month     = jan,
  volume    = {2},
  pages     = {327--346},
  publisher = {{Springer, Berlin, Heidelberg}},
  address   = {{Berlin, Heidelberg}},
  doi       = {10.1007/978-3-642-29063-3_18},
  isbn      = {978-3-642-29062-6}
}



@article{araldi2019,
  ids     = {araldi2019a},
  title   = {From the Street to the Metropolitan Region: {{Pedestrian}} Perspective in Urban Fabric Analysis:},
  author  = {Araldi, Alessandro and Fusco, Giovanni},
  year    = {2019},
  month   = aug,
  volume  = {46},
  pages   = {1243--1263},
  doi     = {10.1177/2399808319832612},
  journal = {Environment and Planning B: Urban Analytics and City Science},
  number  = {7}
}



@article{berghauserpont2019a,
  title    = {The Spatial Distribution and Frequency of Street, Plot and Building Types across Five {{European}} Cities},
  author   = {Berghauser Pont, Meta and Stavroulaki, Gianna and Bobkova, Evgeniya and Gil, Jorge and Marcus, Lars and Olsson, Jesper and Sun, Kailun and Serra, Miguel and Hausleitner, Birgit and Dhanani, Ashley and Legeby, Ann},
  year     = {2019},
  month    = sep,
  volume   = {46},
  pages    = {1226--1242},
  issn     = {2399-8083, 2399-8091},
  doi      = {10/gf8x8j},
  journal  = {Environment and Planning B: Urban Analytics and City Science},
  language = {en},
  number   = {7}
}


@article{jochem2020,
  title    = {Classifying Settlement Types from Multi-Scale Spatial Patterns of Building Footprints},
  author   = {Jochem, Warren C and Leasure, Douglas R and Pannell, Oliver and Chamberlain, Heather R and Jones, Patricia and Tatem, Andrew J},
  year     = {2020},
  month    = may,
  pages    = {239980832092120},
  issn     = {2399-8083, 2399-8091},
  doi      = {10/ggtsbn},
  journal  = {Environment and Planning B: Urban Analytics and City Science},
  language = {en}
}



@phdthesis{fleischmann2021a,
  title    = {The {{Urban Atlas}}: {{Methodological Foundation}} of a {{Morphometric Taxonomy}} of {{Urban Form}}},
  author   = {Fleischmann, Martin},
  year     = {2021},
  address  = {{Glasgow}},
  language = {English},
  school   = {University of Strathclyde}
}


@article{jochem2021tools,
  title     = {Tools for Mapping Multi-Scale Settlement Patterns of Building Footprints: {{An}} Introduction to the {{R}} Package Foot},
  author    = {Jochem, Warren C and Tatem, Andrew J},
  year      = {2021},
  volume    = {16},
  pages     = {e0247535},
  publisher = {{Public Library of Science San Francisco, CA USA}},
  doi       = {10/gh7sjr},
  journal   = {PloS one},
  number    = {2}
}




